%% This BibTeX bibliography file was created using BibDesk.
%% http://bibdesk.sourceforge.net/


%% Created for Jeremy Heyl at 2015-05-16 12:03:14 -0700 


%% Saved with string encoding Unicode (UTF-8) 



@Article{Will:lrr,
  author = 	 {Clifford Will},
  title = 	 {The Confrontation between General Relativity and Experiment},
  journal = 	 {Living Rev. Relativity}, 
  year = 	 2014,
  volume = 	 17,
  pages = 	 4,
  note = 	 {URL (accessed 16 May 2015): http://www.livingreviews.org/lrr-2014-4}}

@article{Stairs:2005,
   author = {{Stairs}, I.~H. and {Faulkner}, A.~J. and {Lyne}, A.~G. and 
	{Kramer}, M. and {Lorimer}, D.~R. and {McLaughlin}, M.~A. and 
	{Manchester}, R.~N. and {Hobbs}, G.~B. and {Camilo}, F. and 
	{Possenti}, A. and {Burgay}, M. and {D'Amico}, N. and {Freire}, P.~C. and 
	{Gregory}, P.~C.},
    title = "{Discovery of Three Wide-Orbit Binary Pulsars: Implications for Binary Evolution and Equivalence Principles}",
  journal = {\apj},
   eprint = {astro-ph/0506188},
 keywords = {Stars: Binaries: Close, pulsars: individual (PSR J1751-2857), pulsars: individual (PSR J1853+1303), pulsars: individual (PSR J1910+1256), Relativity},
     year = 2005,
    month = oct,
   volume = 632,
    pages = {1060-1068},
      doi = {10.1086/432526},
   adsurl = {http://adsabs.harvard.edu/abs/2005ApJ...632.1060S},
  adsnote = {Provided by the SAO/NASA Astrophysics Data System}
}

@article{1990Natur.347..261A,
	Adsnote = {Provided by the SAO/NASA Astrophysics Data System},
	Adsurl = {http://adsabs.harvard.edu/abs/1990Natur.347..261A},
	Author = {{Adelberger}, E.~G. and {Heckel}, B.~R. and {Smith}, G. and {Su}, Y. and {Swanson}, H.~E.},
	Doi = {10.1038/347261a0},
	Journal = {\nat},
	Keywords = {Earth Gravitation, Gravitational Fields, Lunar Rangefinding, Relativity, Earth-Moon System, Field Strength, Gravity Anomalies},
	Month = sep,
	Pages = {261-263},
	Title = {{Eotvos experiments, lunar ranging and the strong equivalence principle}},
	Volume = 347,
	Year = 1990,
	Bdsk-Url-1 = {http://dx.doi.org/10.1038/347261a0}}

@article{1988PhRvD..37.1070N,
	Adsnote = {Provided by the SAO/NASA Astrophysics Data System},
	Adsurl = {http://adsabs.harvard.edu/abs/1988PhRvD..37.1070N},
	Author = {{Nordtvedt}, K.},
	Doi = {10.1103/PhysRevD.37.1070},
	Journal = {\prd},
	Month = feb,
	Pages = {1070-1071},
	Title = {{Lunar laser ranging and laboratory E{\"o}tv{\"o}s-type experiments}},
	Volume = 37,
	Year = 1988,
	Bdsk-Url-1 = {http://dx.doi.org/10.1103/PhysRevD.37.1070}}

@article{1982RPPh...45..631N,
	Adsnote = {Provided by the SAO/NASA Astrophysics Data System},
	Adsurl = {http://adsabs.harvard.edu/abs/1982RPPh...45..631N},
	Author = {{Nordtvedt}, Jr., K.},
	Doi = {10.1088/0034-4885/45/6/002},
	Journal = {Reports on Progress in Physics},
	Keywords = {Acceleration (Physics), Earth-Moon System, Gravitation Theory, Mass Ratios, Relativity, Solar Gravitation, Free Fall, Gravitational Constant, Laser Range Finders, Lunar Gravitation, Planetary Gravitation, Tensor Analysis},
	Month = jun,
	Pages = {631-651},
	Title = {{The fourth test of General Relativity}},
	Volume = 45,
	Year = 1982,
	Bdsk-Url-1 = {http://dx.doi.org/10.1088/0034-4885/45/6/002}}

@article{1976PhRvL..36..555S,
	Adsnote = {Provided by the SAO/NASA Astrophysics Data System},
	Adsurl = {http://adsabs.harvard.edu/abs/1976PhRvL..36..555S},
	Author = {{Shapiro}, I.~I. and {Counselman}, III, C.~C. and {King}, R.~W.},
	Doi = {10.1103/PhysRevLett.36.555},
	Journal = {Physical Review Letters},
	Keywords = {Earth-Moon System, Equivalence, Gravitational Fields, Relativity, Earth (Planet), Energy Distribution, Laser Range Finders, Lunar Rangefinding, Lunar Retroreflectors, Orbit Perturbation, Orbital Elements, Planetary Orbits},
	Month = mar,
	Pages = {555-558},
	Title = {{Verification of the principle of equivalence for massive bodies}},
	Volume = 36,
	Year = 1976,
	Bdsk-Url-1 = {http://dx.doi.org/10.1103/PhysRevLett.36.555}}

@article{1976PhRvL..36..551W,
	Adsnote = {Provided by the SAO/NASA Astrophysics Data System},
	Adsurl = {http://adsabs.harvard.edu/abs/1976PhRvL..36..551W},
	Author = {{Williams}, J.~G. and {Dicke}, R.~H. and {Bender}, P.~L. and {Alley}, C.~O. and {Currie}, D.~G. and {Carter}, W.~E. and {Eckhardt}, D.~H. and {Faller}, J.~E. and {Kaula}, W.~M. and {Mulholland}, J.~D.},
	Doi = {10.1103/PhysRevLett.36.551},
	Journal = {Physical Review Letters},
	Keywords = {Earth-Moon System, Equivalence, Gravitational Fields, Laser Range Finders, Lunar Rangefinding, Relativistic Effects, Data Reduction, Energy Conservation, Gravitation Theory, Lunar Orbits, Momentum Theory, Relativity},
	Month = mar,
	Pages = {551-554},
	Title = {{New test of the equivalence principle from lunar laser ranging}},
	Volume = 36,
	Year = 1976,
	Bdsk-Url-1 = {http://dx.doi.org/10.1103/PhysRevLett.36.551}}

@article{1968PhRv..170.1186N,
	Adsnote = {Provided by the SAO/NASA Astrophysics Data System},
	Adsurl = {http://adsabs.harvard.edu/abs/1968PhRv..170.1186N},
	Author = {{Nordtvedt}, K.},
	Doi = {10.1103/PhysRev.170.1186},
	Journal = {Physical Review},
	Month = jun,
	Pages = {1186-1187},
	Title = {{Testing Relativity with Laser Ranging to the Moon}},
	Volume = 170,
	Year = 1968,
	Bdsk-Url-1 = {http://dx.doi.org/10.1103/PhysRev.170.1186}}

Nordtvedt Jr, K. L., “Equivalence Principle for Massive Bodies. I. Phenomenology”, Phys. Rev., 169, 1014–1016 (1968).

@article{1968PhRv..169.1014N,
	Adsnote = {Provided by the SAO/NASA Astrophysics Data System},
	Adsurl = {http://adsabs.harvard.edu/abs/1968PhRv..169.1014N},
	Author = {{Nordtvedt}, K.},
	Doi = {10.1103/PhysRev.169.1014},
	Journal = {Physical Review},
	Month = may,
	Pages = {1014-1016},
	Title = {{Equivalence Principle for Massive Bodies. I. Phenomenology}},
	Volume = 169,
	Year = 1968,
	Bdsk-Url-1 = {http://dx.doi.org/10.1103/PhysRev.169.1017}}
	
 @article{1968PhRv..169.1017N,
	Adsnote = {Provided by the SAO/NASA Astrophysics Data System},
	Adsurl = {http://adsabs.harvard.edu/abs/1968PhRv..169.1017N},
	Author = {{Nordtvedt}, K.},
	Doi = {10.1103/PhysRev.169.1017},
	Journal = {Physical Review},
	Month = may,
	Pages = {1017-1025},
	Title = {{Equivalence Principle for Massive Bodies. II. Theory}},
	Volume = 169,
	Year = 1968,
	Bdsk-Url-1 = {http://dx.doi.org/10.1103/PhysRev.169.1017}}

@article{1964AnPhy..26..442R,
	Adsnote = {Provided by the SAO/NASA Astrophysics Data System},
	Adsurl = {http://adsabs.harvard.edu/abs/1964AnPhy..26..442R},
	Author = {{Roll}, P.~G. and {Krotkov}, R. and {Dicke}, R.~H.},
	Doi = {10.1016/0003-4916(64)90259-3},
	Journal = {Annals of Physics},
	Month = feb,
	Pages = {442-517},
	Title = {{The equivalence of inertial and passive gravitational mass}},
	Volume = 26,
	Year = 1964,
	Bdsk-Url-1 = {http://dx.doi.org/10.1016/0003-4916(64)90259-3}}

@article{Ransom:2014aa,
	Author = {Ransom, S. M. and Stairs, I. H. and Archibald, A. M. and Hessels, J. W. T. and Kaplan, D. L. and van Kerkwijk, M. H. and Boyles, J. and Deller, A. T. and Chatterjee, S. and Schechtman-Rook, A. and Berndsen, A. and Lynch, R. S. and Lorimer, D. R. and Karako-Argaman, C. and Kaspi, V. M. and Kondratiev, V. I. and McLaughlin, M. A. and van Leeuwen, J. and Rosen, R. and Roberts, M. S. E. and Stovall, K.},
	Date = {2014/01/23/print},
	Date-Added = {2015-05-16 18:13:40 +0000},
	Date-Modified = {2015-05-16 18:13:40 +0000},
	Day = {23},
	Isbn = {0028-0836},
	Journal = {Nature},
	L3 = {10.1038/nature12917},
	M3 = {Letter},
	Month = {01},
	Number = {7484},
	Pages = {520--524},
	Publisher = {Nature Publishing Group, a division of Macmillan Publishers Limited. All Rights Reserved.},
	Title = {A millisecond pulsar in a stellar triple system},
	Ty = {JOUR},
	Url = {http://dx.doi.org/10.1038/nature12917},
	Volume = {505},
	Year = {2014},
	Bdsk-Url-1 = {http://dx.doi.org/10.1038/nature12917}}

@article{1990ApJ...356..359H,
	Adsnote = {Provided by the SAO/NASA Astrophysics Data System},
	Adsurl = {http://adsabs.harvard.edu/abs/1990ApJ...356..359H},
	Author = {{Hernquist}, L.},
	Doi = {10.1086/168845},
	Journal = {\apj},
	Keywords = {Computational Astrophysics, Elliptical Galaxies, Galactic Bulge, Galactic Structure, Astronomical Models, Astronomical Photometry, Brightness Distribution, Distribution Functions},
	Month = jun,
	Pages = {359-364},
	Title = {{An analytical model for spherical galaxies and bulges}},
	Volume = 356,
	Year = 1990,
	Bdsk-Url-1 = {http://dx.doi.org/10.1086/168845}}

@article{2006AJ....131.1405K,
	Adsnote = {Provided by the SAO/NASA Astrophysics Data System},
	Adsurl = {http://adsabs.harvard.edu/abs/2006AJ....131.1405K},
	Author = {{Koch}, A. and {Grebel}, E.~K.},
	Doi = {10.1086/499534},
	Eprint = {astro-ph/0509258},
	Journal = {\aj},
	Keywords = {Galaxies: Dwarf, Galaxies: Evolution, Galaxies: Individual: Messier Number: M31, Galaxies: Individual: Messier Number: M32, Galaxies: Individual: Messier Number: M33, Galaxies: Individual: NGC Number: NGC 147, Galaxies: Individual: NGC Number: NGC 185, Galaxies: Individual: NGC Number: NGC 205, Galaxies: Individual: Name: Andromeda I, galaxies: individual (II), galaxies: individual (III), galaxies: individual (V), galaxies: individual (VI), galaxies: individual (VII), galaxies: individual (IX), galaxies: individual (PegDIG), Galaxies: Interactions, Galaxies: Kinematics and Dynamics, Galaxies: Local Group},
	Month = mar,
	Pages = {1405-1415},
	Title = {{The Anisotropic Distribution of M31 Satellite Galaxies: A Polar Great Plane of Early-type Companions}},
	Volume = 131,
	Year = 2006,
	Bdsk-Url-1 = {http://dx.doi.org/10.1086/499534}}

@article{2006MNRAS.365..902M,
	Adsnote = {Provided by the SAO/NASA Astrophysics Data System},
	Adsurl = {http://adsabs.harvard.edu/abs/2006MNRAS.365..902M},
	Author = {{McConnachie}, A.~W. and {Irwin}, M.~J.},
	Doi = {10.1111/j.1365-2966.2005.09771.x},
	Eprint = {astro-ph/0510654},
	Journal = {\mnras},
	Keywords = {galaxies: dwarf, galaxies: general, galaxies: haloes, Local Group},
	Month = jan,
	Pages = {902-914},
	Title = {{The satellite distribution of M31}},
	Volume = 365,
	Year = 2006,
	Bdsk-Url-1 = {http://dx.doi.org/10.1111/j.1365-2966.2005.09771.x}}

@article{2014ApJ...788L..38D,
	Adsnote = {Provided by the SAO/NASA Astrophysics Data System},
	Adsurl = {http://adsabs.harvard.edu/abs/2014ApJ...788L..38D},
	Archiveprefix = {arXiv},
	Author = {{Dierickx}, M. and {Blecha}, L. and {Loeb}, A.},
	Doi = {10.1088/2041-8205/788/2/L38},
	Eid = {L38},
	Eprint = {1405.3990},
	Journal = {\apjl},
	Keywords = {galaxies: dwarf, galaxies: interactions, galaxies: kinematics and dynamics, Local Group},
	Month = jun,
	Pages = {L38},
	Title = {{Signatures of the M31-M32 Galactic Collision}},
	Volume = 788,
	Year = 2014,
	Bdsk-Url-1 = {http://dx.doi.org/10.1088/2041-8205/788/2/L38}}

@article{2011ApJ...735...57B,
	Adsnote = {Provided by the SAO/NASA Astrophysics Data System},
	Adsurl = {http://adsabs.harvard.edu/abs/2011ApJ...735...57B},
	Archiveprefix = {arXiv},
	Author = {{Broderick}, A.~E. and {Loeb}, A. and {Reid}, M.~J.},
	Doi = {10.1088/0004-637X/735/1/57},
	Eid = {57},
	Eprint = {1104.3146},
	Journal = {\apj},
	Keywords = {astrometry, black hole physics, Galaxy: center, proper motions, submillimeter: general, techniques: interferometric},
	Month = jul,
	Pages = {57},
	Primaryclass = {astro-ph.HE},
	Title = {{Localizing Sagittarius A* and M87 on Microarcsecond Scales with Millimeter Very Long Baseline Interferometry}},
	Volume = 735,
	Year = 2011,
	Bdsk-Url-1 = {http://dx.doi.org/10.1088/0004-637X/735/1/57}}

@article{2009A&A...493..317L,
	Adsnote = {Provided by the SAO/NASA Astrophysics Data System},
	Adsurl = {http://cdsads.u-strasbg.fr/abs/2009A%26A...493..317L},
	Author = {{Lambert}, S.~B. and {Gontier}, A.-M.},
	Doi = {10.1051/0004-6361:200810582},
	Journal = {\aap},
	Keywords = {reference systems, Earth},
	Month = jan,
	Pages = {317-323},
	Title = {{On radio source selection to define a stable celestial frame}},
	Volume = 493,
	Year = 2009,
	Bdsk-Url-1 = {http://dx.doi.org/10.1051/0004-6361:200810582}}

@Article{Baess:1999,
  author = 	 {S. Baessler and B. R. Heckel and E. G.  Adelberger and and J. H. Gundlach and U. Schmidt and H. E. Swanson},
  title = 	 {Improved Test of the Equivalence Principle for Gravitational Self-Energy},
  journal = 	 {\prl},
  year = 	 1999,
  volume = 	 83,
  pages = 	 {3585-3588}}

@Article{Heyl116397dyn,
  author = 	 { J. S. Heyl and H. Richer and J. Anderson and G. Fahlman and A. Dotter and J. Hurley and J. Kalirai and R. M. Rich and M. Shara and  P.  Stetson and  K.  H. Woodley and D. Zurek },
  title = 	 {Deep HST Imaging in NGC 6397: Stellar Dynamics},
  journal = 	 {\apj},
  volume = 761,
  pages = {51 (25 pages)},
  year = 	 2012,
  XXX  = { 1210.0826 },
  XXXpass =  { v9vgb },
bibcode = { 2012ApJ...761...51H },

}


@ARTICLE{2011ApJ...729..119G,
   author = {{Gebhardt}, K. and {Adams}, J. and {Richstone}, D. and {Lauer}, T.~R. and 
	{Faber}, S.~M. and {G{\"u}ltekin}, K. and {Murphy}, J. and {Tremaine}, S.
	},
    title = "{The Black Hole Mass in M87 from Gemini/NIFS Adaptive Optics Observations}",
  journal = {\apj},
archivePrefix = "arXiv",
   eprint = {1101.1954},
 primaryClass = "astro-ph.CO",
 keywords = {galaxies: elliptical and lenticular, cD, galaxies: individual: M87 NGC 4486, galaxies: kinematics and dynamics},
     year = 2011,
    month = mar,
   volume = 729,
      eid = {119},
    pages = {119},
      doi = {10.1088/0004-637X/729/2/119},
   adsurl = {http://adsabs.harvard.edu/abs/2011ApJ...729..119G},
  adsnote = {Provided by the SAO/NASA Astrophysics Data System}
}


@ARTICLE{2013ApJ...770...86W,
   author = {{Walsh}, J.~L. and {Barth}, A.~J. and {Ho}, L.~C. and {Sarzi}, M.
	},
    title = "{The M87 Black Hole Mass from Gas-dynamical Models of Space Telescope Imaging Spectrograph Observations}",
  journal = {\apj},
archivePrefix = "arXiv",
   eprint = {1304.7273},
 primaryClass = "astro-ph.CO",
 keywords = {galaxies: active, galaxies: individual: M87 NGC 4486, galaxies: kinematics and dynamics, galaxies: nuclei},
     year = 2013,
    month = jun,
   volume = 770,
      eid = {86},
    pages = {86},
      doi = {10.1088/0004-637X/770/2/86},
   adsurl = {http://adsabs.harvard.edu/abs/2013ApJ...770...86W},
  adsnote = {Provided by the SAO/NASA Astrophysics Data System}
}


@ARTICLE{2006ApJ...643..210W,
   author = {{Wu}, X. and {Tremaine}, S.},
    title = "{Deriving the Mass Distribution of M87 from Globular Clusters}",
  journal = {\apj},
   eprint = {astro-ph/0508463},
 keywords = {Galaxies: Fundamental Parameters, Galaxies: Individual: Messier Number: M87, Galaxies: Kinematics and Dynamics, Galaxies: Star Clusters, Methods: Statistical},
     year = 2006,
    month = may,
   volume = 643,
    pages = {210-221},
      doi = {10.1086/501515},
   adsurl = {http://adsabs.harvard.edu/abs/2006ApJ...643..210W},
  adsnote = {Provided by the SAO/NASA Astrophysics Data System}
}


@ARTICLE{1997ApJ...487..153V,
   author = {{van der Marel}, R.~P. and {Sigurdsson}, S. and {Hernquist}, L.
	},
    title = "{Dynamical Stability of N-Body Models for M32 with a Central Black Hole}",
  journal = {\apj},
   eprint = {astro-ph/9702151},
 keywords = {Black Hole Physics, Galaxies: Elliptical and Lenticular, cD, Galaxies: Individual: Messier Number: M32, Galaxies: Kinematics and Dynamics, Galaxies: Nuclei, Galaxies: Structure},
     year = 1997,
    month = sep,
   volume = 487,
    pages = {153-162},
   adsurl = {http://adsabs.harvard.edu/abs/1997ApJ...487..153V},
  adsnote = {Provided by the SAO/NASA Astrophysics Data System}
}


@ARTICLE{2004ApJ...602...66V,
   author = {{Valluri}, M. and {Merritt}, D. and {Emsellem}, E.},
    title = "{Difficulties with Recovering the Masses of Supermassive Black Holes from Stellar Kinematical Data}",
  journal = {\apj},
   eprint = {astro-ph/0210379},
 keywords = {Galaxies: Elliptical and Lenticular, cD, Galaxies: Nuclei, Galaxies: Structure, Stellar Dynamics},
     year = 2004,
    month = feb,
   volume = 602,
    pages = {66-92},
      doi = {10.1086/380896},
   adsurl = {http://adsabs.harvard.edu/abs/2004ApJ...602...66V},
  adsnote = {Provided by the SAO/NASA Astrophysics Data System}
}


@ARTICLE{1996ApJ...462..563N,
   author = {{Navarro}, J.~F. and {Frenk}, C.~S. and {White}, S.~D.~M.},
    title = "{The Structure of Cold Dark Matter Halos}",
  journal = {\apj},
   eprint = {astro-ph/9508025},
 keywords = {COSMOLOGY: THEORY, COSMOLOGY: DARK MATTER, GALAXIES: HALOS, METHODS: NUMERICAL},
     year = 1996,
    month = may,
   volume = 462,
    pages = {563},
      doi = {10.1086/177173},
   adsurl = {http://adsabs.harvard.edu/abs/1996ApJ...462..563N},
  adsnote = {Provided by the SAO/NASA Astrophysics Data System}
}

@ARTICLE{2015arXiv150203231Y,
   author = {{Yang}, Y. and {Li}, Z. and {Sjouwerman}, L.~O. and {Wang}, Q.~D. and 
	{Gu}, Q. and {Kraft}, R.~P. and {Yuan}, F.},
    title = "{Detection of a Compact Nuclear Radio Source in the Local Group Elliptical Galaxy M32}",
  journal = {ArXiv e-prints},
archivePrefix = "arXiv",
   eprint = {1502.03231},
 keywords = {Astrophysics - Astrophysics of Galaxies, Astrophysics - High Energy Astrophysical Phenomena},
     year = 2015,
    month = feb,
   adsurl = {http://adsabs.harvard.edu/abs/2015arXiv150203231Y},
  adsnote = {Provided by the SAO/NASA Astrophysics Data System}
}


@ARTICLE{1997Natur.385..610V,
   author = {{van der Marel}, R.~P. and {de Zeeuw}, P.~T. and {Rix}, H.-W. and 
	{Quinlan}, G.~D.},
    title = "{A massive black hole at the centre of the quiescent galaxy M32}",
  journal = {\nat},
   eprint = {astro-ph/9702106},
     year = 1997,
    month = feb,
   volume = 385,
    pages = {610-612},
      doi = {10.1038/385610a0},
   adsurl = {http://adsabs.harvard.edu/abs/1997Natur.385..610V},
  adsnote = {Provided by the SAO/NASA Astrophysics Data System}
}


@ARTICLE{2006ApJS..164..334F,
   author = {{Ferrarese}, L. and {C{\^o}t{\'e}}, P. and {Jord{\'a}n}, A. and 
	{Peng}, E.~W. and {Blakeslee}, J.~P. and {Piatek}, S. and {Mei}, S. and 
	{Merritt}, D. and {Milosavljevi{\'c}}, M. and {Tonry}, J.~L. and 
	{West}, M.~J.},
    title = "{The ACS Virgo Cluster Survey. VI. Isophotal Analysis and the Structure of Early-Type Galaxies}",
  journal = {\apjs},
   eprint = {astro-ph/0602297},
 keywords = {ISM: Dust, Extinction, Galaxies: Clusters: Individual: Name: Virgo, Galaxies: ISM, Galaxies: Elliptical and Lenticular, cD, Galaxies: Nuclei},
     year = 2006,
    month = jun,
   volume = 164,
    pages = {334-434},
      doi = {10.1086/501350},
   adsurl = {http://adsabs.harvard.edu/abs/2006ApJS..164..334F},
  adsnote = {Provided by the SAO/NASA Astrophysics Data System}
}


@ARTICLE{2014MNRAS.442.3299A,
   author = {{Agnello}, A. and {Evans}, N.~W. and {Romanowsky}, A.~J. and 
	{Brodie}, J.~P.},
    title = "{Dynamical models of elliptical galaxies - II. M87 and its globular clusters}",
  journal = {\mnras},
archivePrefix = "arXiv",
   eprint = {1401.4461},
 keywords = {galaxies: elliptical and lenticular, cD, galaxies: individual: M87, galaxies: structure},
     year = 2014,
    month = aug,
   volume = 442,
    pages = {3299-3314},
      doi = {10.1093/mnras/stu960},
   adsurl = {http://adsabs.harvard.edu/abs/2014MNRAS.442.3299A},
  adsnote = {Provided by the SAO/NASA Astrophysics Data System}
}

@ARTICLE{2010A&A...524A..71B,
   author = {{Bird}, S. and {Harris}, W.~E. and {Blakeslee}, J.~P. and {Flynn}, C.
	},
    title = "{The inner halo of M 87: a first direct view of the red-giant population}",
  journal = {\aap},
archivePrefix = "arXiv",
   eprint = {1009.3202},
 primaryClass = "astro-ph.GA",
 keywords = {galaxies: stellar content, galaxies: halos, galaxies: individual: M 87},
     year = 2010,
    month = dec,
   volume = 524,
      eid = {A71},
    pages = {A71},
      doi = {10.1051/0004-6361/201014876},
   adsurl = {http://adsabs.harvard.edu/abs/2010A%26A...524A..71B},
  adsnote = {Provided by the SAO/NASA Astrophysics Data System}
}

@ARTICLE{2004AJ....127.1917T,
   author = {{Trujillo}, I. and {Erwin}, P. and {Asensio Ramos}, A. and {Graham}, A.~W.
	},
    title = "{Evidence for a New Elliptical-Galaxy Paradigm: S{\'e}rsic and Core Galaxies}",
  journal = {\aj},
   eprint = {astro-ph/0403659},
 keywords = {Galaxies: Elliptical and Lenticular, cD, Galaxies: Fundamental Parameters, Galaxies: Nuclei, Galaxies: Photometry, Galaxies: Structure},
     year = 2004,
    month = apr,
   volume = 127,
    pages = {1917-1942},
      doi = {10.1086/382712},
   adsurl = {http://adsabs.harvard.edu/abs/2004AJ....127.1917T},
  adsnote = {Provided by the SAO/NASA Astrophysics Data System}
}

@BOOK{1968adga.book.....S,
   author = {{S\'ersic}, J.~L.},
    title = "{Atlas de galaxias australes}",
 keywords = {GALAXIES, GROUPS OF GALAXIES, ATLASES},
publisher = {Observatorio Astronomico},
address = {Cordoba, Argentina},
     year = 1968,
   adsurl = {http://adsabs.harvard.edu/abs/1968adga.book.....S},
  adsnote = {Provided by the SAO/NASA Astrophysics Data System}
}

@ARTICLE{2010ApJ...717L...6B,
   author = {{Batcheldor}, D. and {Robinson}, A. and {Axon}, D.~J. and {Perlman}, E.~S. and 
	{Merritt}, D.},
    title = "{A Displaced Supermassive Black Hole in M87}",
  journal = {\apjl},
archivePrefix = "arXiv",
   eprint = {1005.2173},
 primaryClass = "astro-ph.CO",
 keywords = {black hole physics, galaxies: individual: M87, galaxies: nuclei},
     year = 2010,
    month = jul,
   volume = 717,
    pages = {L6-L10},
      doi = {10.1088/2041-8205/717/1/L6},
   adsurl = {http://adsabs.harvard.edu/abs/2010ApJ...717L...6B},
  adsnote = {Provided by the SAO/NASA Astrophysics Data System}
}


@ARTICLE{2012PhRvL.109e1304H,
   author = {{Hui}, L. and {Nicolis}, A.},
    title = "{Proposal for an Observational Test of the Vainshtein Mechanism}",
  journal = {Physical Review Letters},
archivePrefix = "arXiv",
   eprint = {1201.1508},
 primaryClass = "astro-ph.CO",
 keywords = {Observational cosmology, Modified theories of gravity, Particle-theory and field-theory models of the early Universe},
     year = 2012,
    month = aug,
   volume = 109,
   number = 5,
      eid = {051304},
    pages = {051304},
      doi = {10.1103/PhysRevLett.109.051304},
   adsurl = {http://adsabs.harvard.edu/abs/2012PhRvL.109e1304H},
  adsnote = {Provided by the SAO/NASA Astrophysics Data System}
}

@ARTICLE{2009PhRvD..80j4002H,
   author = {{Hui}, L. and {Nicolis}, A. and {Stubbs}, C.~W.},
    title = "{Equivalence principle implications of modified gravity models}",
  journal = {Physical Review D},
archivePrefix = "arXiv",
   eprint = {0905.2966},
 primaryClass = "astro-ph.CO",
 keywords = {Higher-dimensional gravity and other theories of gravity, Experimental tests of gravitational theories, Dark matter, Particle-theory and field-theory models of the early Universe},
     year = 2009,
    month = nov,
   volume = 80,
   number = 10,
      eid = {104002},
    pages = {104002},
      doi = {10.1103/PhysRevD.80.104002},
   adsurl = {http://adsabs.harvard.edu/abs/2009PhRvD..80j4002H},
  adsnote = {Provided by the SAO/NASA Astrophysics Data System}
}

@ARTICLE{2009PhRvD..79f4036N,
   author = {{Nicolis}, A. and {Rattazzi}, R. and {Trincherini}, E.},
    title = "{Galileon as a local modification of gravity}",
  journal = {Physical Review D},
archivePrefix = "arXiv",
   eprint = {0811.2197},
 primaryClass = "hep-th",
 keywords = {Higher-dimensional gravity and other theories of gravity, Cosmology},
     year = 2009,
    month = mar,
   volume = 79,
   number = 6,
      eid = {064036},
    pages = {064036},
      doi = {10.1103/PhysRevD.79.064036},
   adsurl = {http://adsabs.harvard.edu/abs/2009PhRvD..79f4036N},
  adsnote = {Provided by the SAO/NASA Astrophysics Data System}
}



@ARTICLE{2001ApJ...550..668J,
   author = {{Joseph}, C.~L. and {Merritt}, D. and {Olling}, R. and {Valluri}, M. and 
	{Bender}, R. and {Bower}, G. and {Danks}, A. and {Gull}, T. and 
	{Hutchings}, J. and {Kaiser}, M.~E. and {Maran}, S. and {Weistrop}, D. and 
	{Woodgate}, B. and {Malumuth}, E. and {Nelson}, C. and {Plait}, P. and 
	{Lindler}, D.},
    title = "{The Nuclear Dynamics of M32. I. Data and Stellar Kinematics}",
  journal = {\apj},
   eprint = {astro-ph/0005530},
 keywords = {Celestial Mechanics, Stellar Dynamics, Galaxies: Elliptical and Lenticular, cD, Galaxies: Individual: Messier Number: M32, Galaxies: Kinematics and Dynamics, Galaxies: Nuclei, Galaxies: Structure},
     year = 2001,
    month = apr,
   volume = 550,
    pages = {668-690},
      doi = {10.1086/319781},
   adsurl = {http://adsabs.harvard.edu/abs/2001ApJ...550..668J},
  adsnote = {Provided by the SAO/NASA Astrophysics Data System}
}

@ARTICLE{2010ApJ...711..361G,
   author = {{Geha}, M. and {van der Marel}, R.~P. and {Guhathakurta}, P. and 
	{Gilbert}, K.~M. and {Kalirai}, J. and {Kirby}, E.~N.},
    title = "{Local Group Dwarf Elliptical Galaxies. II. Stellar Kinematics to Large Radii in NGC 147 and NGC 185}",
  journal = {\apj},
archivePrefix = "arXiv",
   eprint = {0911.3654},
 keywords = {galaxies: dwarf, galaxies: individual: NGC 147 NGC 185, galaxies: kinematics and dynamics},
     year = 2010,
    month = mar,
   volume = 711,
    pages = {361-373},
      doi = {10.1088/0004-637X/711/1/361},
   adsurl = {http://adsabs.harvard.edu/abs/2010ApJ...711..361G},
  adsnote = {Provided by the SAO/NASA Astrophysics Data System}
}

@ARTICLE{2006AJ....131..332G,
   author = {{Geha}, M. and {Guhathakurta}, P. and {Rich}, R.~M. and {Cooper}, M.~C.
	},
    title = "{Local Group Dwarf Elliptical Galaxies. I. Mapping the Dynamics of NGC 205 Beyond the Tidal Radius}",
  journal = {\aj},
   eprint = {astro-ph/0509561},
 keywords = {Galaxies: Dwarf, Galaxies: Individual: NGC Number: NGC 205, Galaxies: Interactions, Galaxies: Kinematics and Dynamics},
     year = 2006,
    month = jan,
   volume = 131,
    pages = {332-342},
      doi = {10.1086/498686},
   adsurl = {http://adsabs.harvard.edu/abs/2006AJ....131..332G},
  adsnote = {Provided by the SAO/NASA Astrophysics Data System}
}
